@Electronic{ ref__KNEAD_OCD_ExProj,
  author    = {{The KNEAD Project}},
  title     = {{Operational Concept Description for the KNEAD Example Project}},
  date      = {2023-12-31},
  keywords  = {KNEAD_BiberProject},
}

@Electronic{ ref__KNEAD_SDP_ExProj,
  author    = {{The KNEAD Project}},
  title     = {{System Development Plan for the KNEAD Example Project}},
  date      = {2023-12-31},
  keywords  = {KNEAD_BiberProject},
}

@Electronic{ ref__KNEAD_SPS_ExProj,
  author    = {{The KNEAD Project}},
  title     = {{System Performance Specification for the KNEAD Example Project}},
  date      = {2023-12-31},
  keywords  = {KNEAD_BiberProject},
}

@Electronic{ ref__KNEAD_SSS_ExProj,
  author    = {{The KNEAD Project}},
  title     = {{System Subsystem Specification for the KNEAD Example Project}},
  date      = {2023-12-31},
  keywords  = {KNEAD_BiberProject},
}
@Electronic{ ref__KNEAD_SUM_ExProj,
  author    = {{The KNEAD Project}},
  title     = {{System User Manual for the KNEAD Example Project}},
  date      = {2023-12-31},
  keywords  = {KNEAD_BiberProject},
}

@Electronic{ ref__KNEAD_HRS_ExProj,
  author    = {{The KNEAD Project}},
  title     = {{Hardware Requirements Specification for the KNEAD Example Project}},
  date      = {2023-12-31},
  keywords  = {KNEAD_BiberProject},
}
@Electronic{ ref__KNEAD_SRS_ExProj,
  author    = {{The KNEAD Project}},
  title     = {{Software Requirements Specification for the KNEAD Example Project}},
  date      = {2023-12-31},
  keywords  = {KNEAD_BiberProject},
}
@Electronic{ ref__KNEAD_IRS_ExProj,
  author    = {{The KNEAD Project}},
  title     = {{Interface Requirements Specification for the KNEAD Example Project}},
  date      = {2023-12-31},
  keywords  = {KNEAD_BiberProject},
}

@Electronic{ ref__KNEAD_SSDD_ExProj,
  author    = {{The KNEAD Project}},
  title     = {{System-Subsystem Design Description for the KNEAD Example Project}},
  date      = {2023-12-31},
  keywords  = {KNEAD_BiberProject},
}

@Electronic{ ref__KNEAD_STP_ExProj,
  author    = {{The KNEAD Project}},
  title     = {{System Test Plan for the KNEAD Example Project}},
  date      = {2023-12-31},
  keywords  = {KNEAD_BiberProject},
}
@Electronic{ ref__KNEAD_STS_ExProj,
  author    = {{The KNEAD Project}},
  title     = {{System Test Specification for the KNEAD Example Project}},
  date      = {2023-12-31},
  keywords  = {KNEAD_BiberProject},
}
@Electronic{ ref__KNEAD_STR_ExProj,
  author    = {{The KNEAD Project}},
  title     = {{System Test Report for the KNEAD Example Project}},
  date      = {2023-12-31},
  keywords  = {KNEAD_BiberProject},
}

@Electronic{ ref__KNEAD_SVD_ExProj,
  author    = {{The KNEAD Project}},
  title     = {{System Version Description for the KNEAD Example Project}},
  date      = {2023-12-31},
  keywords  = {KNEAD_BiberProject},
}