
% See http://www.ele.uri.edu/info/thesis/guide/biblio_howto.pdf
% for a complete list of supported document types.

%%% BibTeX display from Inria library catalogue: http://opac.inria.fr/



@TECHREPORT{ ref:MCV_SOW,
  author    = {{Mark C. Alley}},
	INSTITUTION =   {{NAVAL AIR WARPARE CENTER-AIRCRAFT DIVISION (NAWC-AD) SPECIAL COMMUNICATIONS MISSION SOLUTIONS (SCMS) DIVISION}},
  title     = {{Mobile Communications Vehicle - SOW rev3}},
	urldate   = {2018-05-10},	
  month     = {{May}},
  year      = "2018",
}


@TECHREPORT{ ref:MCV_SSS,
  author    = {{Lewis Collier and Garrett Smith and Brady Spatola and Peter Thistle}},
	INSTITUTION =   {{The MIL Corporation}},
  title     = {{NCR MCV System Specification}},
	url       = {{MILC4IS20180703SSS-A}},
	urldate   = {2018-07-23},	
  month     = {{Jul}},
  year      = "2018",
}




@TECHREPORT{ ref:HGAHAS_OCD,
  author    = {{W. Lewis Collier}},
	INSTITUTION =   {{NAVMAR Applied Sciences Corporation (NASC)}},
  title     = {{High Gain Data Collection System Operational Concept Description}},
	url       = {{NASC-Document-VADAR20161115OCD-A}},
	urldate   = {2016-03-04},	
  month     = {{Mar}},
  year      = "2016",
}

@TECHREPORT{ ref:HGAHAS_SPS,
  author    = {{W. Lewis Collier}},
	INSTITUTION =   {{NAVMAR Applied Sciences Corporation (NASC)}},
  title     = {{VADAR System Performance Specification}},
	url       = {{NASC-Document-VADAR20161115SPS-A}},
	urldate   = {2017-01-01},	
  month     = {{Jan}},
  year      = "2017",
}


@TECHREPORT{ ref:HGAHAS_SSS,
  author    = {{David Fenton and Larry Coar and W. Lewis Collier, Ph.D.}},
	INSTITUTION =   {{NAVMAR Applied Sciences Corporation (NASC)}},
  title     = {{System Segmentation Specification for the VADAR System}},
	url       = {{NASC-Document-VADAR20161115SSS-A}},
	urldate   = {2016-11-15},	
  month     = {{Nov}},
  year      = "2016",
}

@TECHREPORT{ ref:HGAHAS_SUM,
  author    = {{W. Lewis Collier, Ph.D. and David Fenton and Larry Coar and Bryan Kovacic}},
	INSTITUTION =   {{NAVMAR Applied Sciences Corporation (NASC)}},
  title     = {{System Usage Manual for VADAR}},
	url       = {{NASC-Document-VADAR20170831SUM-AvX}},
	urldate   = {2018-02-04},	
  month     = {{Feb}},
  year      = "2018",
}


@TECHREPORT{ ref:HGAHAS_STP,
  author    = {{W. Lewis Collier}},
	INSTITUTION =   {{NAVMAR Applied Sciences Corporation (NASC)}},
  title     = {{System Test Plan for VADAR}},
	url       = {{NASC-Document-VADAR20161115STP-C}},
	urldate   = {2016-06-06},	
  month     = {{Jun}},
  year      = "2016",
}

@TECHREPORT{ ref:HGAHAS_STD,
  author    = {{W. Lewis Collier}},
	INSTITUTION =   {{NAVMAR Applied Sciences Corporation (NASC)}},
  title     = {{System Test Description for VADAR}},
	url       = {{NASC-Document-VADAR20161221STD-A}},
	urldate   = {2016-01-05},	
  month     = {{Jan}},
  year      = "2017",
}

@TECHREPORT{ ref:HGAHAS_STD_DVT,
  author    = {{W. Lewis Collier}},
	INSTITUTION =   {{NAVMAR Applied Sciences Corporation (NASC)}},
  title     = {{System Test Description for the High Gain Array Hardened Array System Design Verification Test}},
	url       = {{NASC-Document-VADAR20161221STD-A}},
	urldate   = {2016-01-05},	
  month     = {{Jan}},
  year      = "2017",
}


@TECHREPORT{ ref:HGAHAS_FDP,
  author    = {{W. Lewis Collier}},
	INSTITUTION =   {{NAVMAR Applied Sciences Corporation (NASC)}},
  title     = {{Final Demonstration Plan for the High Gain Array Hardened Array System}},
	url       = {{NASC-Document-VADAR20161115STP-C}},
	urldate   = {2016-06-06},	
  month     = {{Jun}},
  year      = "2016",
}


%%%
%%% base references
%%%



@book{ ref:Brooks:1995:MM:207583,
 author = {Brooks,Jr., Frederick P.},
 title = {The Mythical Man-month (Anniversary Ed.)},
 year = {1995},
 isbn = {0-201-83595-9},
 publisher = {Addison-Wesley Longman Publishing Co., Inc.},
 address = {Boston, MA, USA},
} 

@InProceedings{ ref:MIL_STD_810G,
  author    = {{US Department of Defense}},
  title     = {{Test Method Stndard}},
  booktitle = {{MIL-STD-810G}},
  pages     = "1-804",
  month     = Oct,
  year      = "2008",
}

@InProceedings{ ref:MIL_HDBK_520,
  author    = {{US Department of Defense}},
  title     = {{Department of Defense Handbook -- System Requriements Document Guidance}},
  booktitle = {{MIL-HDBK-520A}},
  pages     = "1-46",
  month     = {{Mar}},
  year      = "2010",
}

@InProceedings{ ref:MIL_STD_498,
  author    = {{US Department of Defense}},
  title     = {{Military Standard Software Development and Documentation}},
  booktitle = {{MIL-STD-498}},
  pages     = "1-76",
  month     = dec,
  year      = "1994",
}

@InProceedings{ ref:SDP_DID,
  author    = {{DI-IPSC-81427A}},
  title     = {{Data Item Description for Software Development Plan (SDP)}},
  booktitle = {{MIL-STD-498}},
  pages     = "1-7",
  month     = dec,
  year      = "1994",
}

@InProceedings{ ref:OCD_DID,
  author    = {{DI-IPSC-81430}},
  title     = {{Data Item Description for Operational Concept Description (OCD)}},
  booktitle = {{MIL-STD-498}},
  pages     = "1-7",
  month     = dec,
  year      = "1994",
}

@InProceedings{ ref:SSS_DID,
  author    = {{DI-IPSC-81431}},
  title     = {{Data Item Description for System Segmentation Specification (SSS)}},
  booktitle = {{MIL-STD-498}},
  pages     = "1-7",
  month     = dec,
  year      = "1994",
}

@InProceedings{ ref:SUM_DID,
  author    = {{DI-IPSC-81443}},
  title     = {{Data Item Description for Software User Manual (SUM)}},
  booktitle = {{MIL-STD-498}},
  pages     = "1-7",
  month     = dec,
  year      = "1994",
}

@InProceedings{ ref:SSDD_DID,
  author    = {{DI-IPSC-81432}},
  title     = {{Data Item Description for System/Subsystem Design Description}},
  booktitle = {{MIL-STD-498}},
  pages     = "1-8",
  month     = dec,
  year      = "1994",
}

@InProceedings{ ref:STP_DID,
  author    = {{DI-IPSC-81438}},
  title     = {{Data Item Description for System Test Plan}},
  booktitle = {{MIL-STD-498}},
  pages     = "1-7",
  month     = dec,
  year      = "1994",
}

@InProceedings{ ref:STD_DID,
  author    = {{DI-IPSC-81439}},
  title     = {{Data Item Description for System Test Description}},
  booktitle = {{MIL-STD-498}},
  pages     = "1-7",
  month     = dec,
  year      = "1994",
}

@InProceedings{ ref:STR_DID,
  author    = {{DI-IPSC-81440}},
  title     = {{Data Item Description for System Test Report}},
  booktitle = {{MIL-STD-498}},
  pages     = "1-7",
  month     = dec,
  year      = "1994",
}

@InProceedings{ ref:ISO_12207,
  author    = {{IEEE and EIA}},
  title     = {{Software life cycle processes}},
  booktitle = {{ISO/IEC 12207 Standard for Information Technology}},
  pages     = "1-86",
  month     = mar,
  year      = "1998",
}

@InProceedings{ ref:NIST_IDQT,
  author    = {{Dan Potter and Patrick Grother and Elham Tabassi}},
  title     = {{Imaging Criteria and Test Methods for Qualification of Iris Cameras}},
  booktitle = {{NIST Special Publication 500-XXX}},
  pages     = "1-31",
  month     = may,
  year      = "2013",
}


@InProceedings{ ref:NIST_IREX_III,
  author    = {{P. Grother and G. W. Quinn and J. R. Matey}},
  title     = {{Imaging Criteria and Test Methods for Qualification of Iris Cameras}},
  booktitle = {{NIST Special Publication 500-XXX}},
  pages     = "1-31",
  month     = may,
  year      = "2013",
}

@Electronic{ ref:thesisguide,
  organization = {{University of Rhode Island}},
  title     = {{A Guide to Producing Your Thesis with \LaTeX}},
  url       = {{http://www.ele.uri.edu/info/thesis/guide}},
	urldate   = {2013-12-01},	
  month     = "jun",
  year      = "2006",
  key       = "University of Rhode Island",
}

@Electronic{ ref:MobileIDDEviceBP,
  author    = {{to be determined}},
  organization = {{to be determined}},
  title     = {{Mobile ID Device Best Practice Recommendation Level SAP 30}},
  month     = "jul",
  year      = "2013",
	url       = {{to be determined}},
}

@Electronic{ ref:ISO_29794_6,
  author    = {{Secretariat: ANSI (United States)}},
  organization = {{ISO/IEC}},
  title     = {{Text of DIS 29794-6 \{:201x(E)\}, Biometric sample quality - Part 6: Iris image data}},
  month     = "jul",
  year      = "2013",
	url       = {{http://isotc.iso.org/livelink/livelink/open/jtc1sc37}},
	key       = {{ISO/IEC JTC 1/SC 37 N 5554 29794-6:201x(E)}},
}


@Electronic{ ref:ISO_29794_5,
  author    = {{Secretariat: ANSI (United States)}},
  organization = {{ISO/IEC}},
  title     = {{Text of DIS 29794-5 \{:201x(E)\}, Biometric sample quality - Part 5: Face image data}},
  month     = "jul",
  year      = "2013",
	url       = {{http://isotc.iso.org/livelink/livelink/open/jtc1sc37}},
	key       = {{ISO/IEC JTC 1/SC 37 N 5554 29794-5:201x(E)}},
}

@Electronic{ ref:WikiIPD,
  author    = {{Wikipedia}},
  organization = {{Wikipedia}},
  title     = {{Interpupillary distance}},
	url       = {{http://en.wikipedia.org/wiki/Interpupillary_distance}},
	urldate   = {2014-02-09},	
  month     = "apr",
  year      = "2013",
}

@Electronic{ ref:20140210WikiTempGrades,
  author    = {{Wikipedia}},
  organization = {{Wikipedia}},
  title     = {{Operating Temperature}},
	url       = {{http://en.wikipedia.org/wiki/Operating_temperature}},
	urldate   = {2014-02-10},
  month     = "oct",
  year      = "2013",
}

@Electronic{ ref:OSJTF_PMG,
  author    = {{Open Systems Joint Task Force}},
  organization = {{Office of the Deputy Assistant Secretary of Defense}},
  title     = {{Program Manager's Guide Version 2.0}},
  month     = {Sep},
  year      = "2004",
	url       = {{www.acq.osd.mil/osjtf}},
}


@Electronic{ ref:BTF_EBTS_1v2,
  author    = {{Biometrics Task Force}},
  organization = {{U.S. Army}},
  title     = {{DoD Electronic Biometric Transmission Specification Version 1.2}},
  month     = "Nov",
  year      = "2006",
  url       = {{http://www.biometrics.gov/standards/DoD_ABIS_EBTS_v1.2.pdf}},
  key       = {{DIN: DOD_BTF_TS_EBTS_ Nov06_01.02.00}},  
}

@Electronic{ ref:BIMA_EBTS_3v0,
  author    = {{Biometrics Identity Management Agency}},
  organization = {{U.S. Army}},
  title     = {{DoD Electronic Biometric Transmission Specification Version 3.0}},
  month     = "Dec",
  year      = "2011",
  url       = {{http://www.biometrics.dod.mil/Files/Documents/Standards/DoD_EBTS_v3_0.pdf}},
  key       = {{DIN: BIMA-STB-STD-11-001}},  
}

@Electronic{ ref:JESA,
  author    = {{Edward Yourdon}},
  organization = {{www.Yourdon.com}},
  title     = {{Just Enough Structured Analysis}},
	url       = {{http://zimmer.csufresno.edu/~sasanr/Teaching-Material/SAD/JESA.pdf}},
	urldate   = {2018-07-12},	
  month     = "may",
  year      = "2006",
}